@article{Basu,
	author={A. Basu, I. Cheng, Y. Pan},
	title={Foveated Online 3D Visualization},
	journal={Proc. Int. Conf. on Pattern Recognition},
	year={2002},
	pages={944--947}
}

@article{Patney,
 author = {Patney, Anjul and Salvi, Marco and Kim, Joohwan and Kaplanyan, Anton and Wyman, Chris and Benty, Nir and Luebke, David and Lefohn, Aaron},
 title = {Towards Foveated Rendering for Gaze-tracked Virtual Reality},
 journal = {ACM Trans. Graph.},
 issue_date = {November 2016},
 volume = {35},
 number = {6},
 month = nov,
 year = {2016},
 issn = {0730-0301},
 pages = {179:1--179:12},
 articleno = {179},
 numpages = {12},
 url = {http://doi.acm.org/10.1145/2980179.2980246},
 doi = {10.1145/2980179.2980246},
 acmid = {2980246},
 publisher = {ACM},
 address = {New York, NY, USA},
 keywords = {foveated rendering, gaze-tracking, perception, virtual reality},
}

@article{Ohshima,
 author = {T. Ohshima, H. Yamamoto, H. Tamura},
 title = {Gaze-directed adaptive rendering for interacting with virtual space},
 journal = { Virtual Reality Annual International Symposium.},
 issue_date = {April 1996},
 month = apr,
 year = {1996},
 url = {http://ieeexplore.ieee.org/document/490517/}
} 

@proceedings{Patney:2016:PFV:2929464.2929472,
 author = {Patney, Anjul and Kim, Joohwan and Salvi, Marco and Kaplanyan, Anton and Wyman, Chris and Benty, Nir and Lefohn, Aaron and Luebke, David},
 title = {Perceptually-based Foveated Virtual Reality},
 booktitle = {ACM SIGGRAPH 2016 Emerging Technologies},
 series = {SIGGRAPH '16},
 year = {2016},
 isbn = {978-1-4503-4372-5},
 location = {Anaheim, California},
 pages = {17:1--17:2},
 articleno = {17},
 numpages = {2},
 url = {http://doi.acm.org.ezproxy.brighton.ac.uk/10.1145/2929464.2929472},
 doi = {10.1145/2929464.2929472},
 acmid = {2929472},
 publisher = {ACM},
 address = {New York, NY, USA},
 keywords = {augmented reality, foveated rendering, perceptually-based, virtual reality},
} 

@article{Guenter:2012:FG:2366145.2366183,
 author = {Guenter, Brian and Finch, Mark and Drucker, Steven and Tan, Desney and Snyder, John},
 title = {Foveated 3D Graphics},
 journal = {ACM Trans. Graph.},
 issue_date = {November 2012},
 volume = {31},
 number = {6},
 month = nov,
 year = {2012},
 issn = {0730-0301},
 pages = {164:1--164:10},
 articleno = {164},
 numpages = {10},
 url = {http://doi.acm.org.ezproxy.brighton.ac.uk/10.1145/2366145.2366183},
 doi = {10.1145/2366145.2366183},
 acmid = {2366183},
 publisher = {ACM},
 address = {New York, NY, USA},
 keywords = {antialiasing, eccentricity, minimum angle of resolution (MAR), multiresolution gaze-contingent display (MGCD)},
}

@article{Levoy,
 author = {Levoy, Marc and Whitaker, Ross},
 title = {Gaze-directed Volume Rendering},
 journal = {SIGGRAPH Comput. Graph.},
 issue_date = {Mar. 1990},
 volume = {24},
 number = {2},
 month = feb,
 year = {1990},
 issn = {0097-8930},
 pages = {217--223},
 numpages = {7},
 url = {http://doi.acm.org.ezproxy.brighton.ac.uk/10.1145/91394.91449},
 doi = {10.1145/91394.91449},
 acmid = {91449},
 publisher = {ACM},
 address = {New York, NY, USA},
} 
 
@inproceedings{Vaidyanathan:2014:CPS:2980009.2980011,
 author = {Vaidyanathan, K. and Salvi, M. and Toth, R. and Foley, T. and Akenine-M\"{o}ller, T. and Nilsson, J. and Munkberg, J. and Hasselgren, J. and Sugihara, M. and Clarberg, P. and Janczak, T. and Lefohn, A.},
 title = {Coarse Pixel Shading},
 booktitle = {Proceedings of High Performance Graphics},
 series = {HPG '14},
 year = {2014},
 location = {Lyon, France},
 pages = {9--18},
 numpages = {10},
 url = {https://software.intel.com/en-us/articles/coarse-pixel-shading},
 acmid = {2980011},
 publisher = {Eurographics Association},
 address = {Aire-la-Ville, Switzerland, Switzerland},
} 